@Article{Decreto8777:2016,
  author       = {Brasil},
  title        = {Decreto n. 8.777, de 11 de maio de 2016. Institui a Política de Dados Abertos do Poder Executivo federal},
  journal      = {Diário Oficial [da] União},
  page         = {21},
  number       = {90},
  year         = {2016},
  date         = {12-05-2016},
  organization = {Brasil},
  issn         = {1677-7042},
  url          = {http://www.planalto.gov.br/ccivil_03/_ato2015-2018/2016/decreto/D8777.htm},
  urldate      = {2020-08-25},
  address      = {Brasília, DF},
  shorttitle   = {Decreto n. 8.777/2016},
  timestamp    = {2020-08-25},
}

@Article{LeiC131:2009,
  author       = {Brasil},
  title        = {Lei complementar n. 131, de 27 de maio de 2009. Acrescenta dispositivos à Lei Complementar  no 101, de 4 de maio de 2000, que estabelece normas de finanças públicas voltadas para a responsabilidade na gestão fiscal e dá outras providências, a fim de determinar a disponibilização, em tempo real, de informações pormenorizadas sobre a execução orçamentária e financeira da União, dos Estados, do Distrito Federal e dos Municípios},
  journal      = {Diário Oficial [da] União},
  page         = {2},
  number       = {100},
  year         = {2009},
  date         = {27-05-2009},
  organization = {Brasil},
  issn         = {1677-7042},
  url          = {http://www.planalto.gov.br/ccivil_03/leis/lcp/lcp131.htm},
  urldate      = {2020-08-25},
  address      = {Brasília, DF},
  shorttitle   = {Lei Complementar n. 131/2009},
  timestamp    = {2020-08-25},
}



@article{Silva:2018, 
title           ={Visualização de dados abertos no setor público}, 
volume          ={11}, 
url             ={https://periodicos.unb.br/index.php/RICI/article/view/8341}, 
DOI             ={10.26512/rici.v11.n2.2018.8341}, 
abstractNote    ={&lt;p&gt;O grande volume de dados disponíveis em portais governamentais atinge o &lt;em&gt;status&lt;/em&gt; de dados realmente abertos quando ocorre uma comunicação social bidirecional entre a administração pública e a população. Um dos pontos chave para tornar essa comunicação efetiva é a disponibilização de dados por meio de ferramentas que possibilitem compreender seu significado e serem reutilizados. Este artigo discute aspectos relacionados com a apresentação visual de dados abertos disponíveis pelo governo e introduz uma técnica efetiva para visualização de informações por meio de um estudo de caso. Com o intuito de demonstrar o potencial da visualização de dados públicos, exploramos o uso de de uma ferramenta que possibilitou representar conjuntos de dados de acesso aberto. Foi desenvolvido uma representação gráfica de uma fonte de dados selecionada aleatoriamente para demonstrar como a visualização de dados pode ser útil para facilitar que os cidadãos entendam as interconexões e os relacionamentos causa-efeito que estão por trás de cada atividade ou conjunto de políticas públicas.&lt;/p&gt;}, 
number          ={2}, journal={Revista Ibero-Americana de Ciência da Informação}, 
author          ={Silva, Fabiano Couto Corrêa da}, 
year            ={2018},
month           ={maio}, 
pages           ={523-540} }

@misc{Serenata:2020,
 title   ={Operação Serenata de Amor},
 url     ={https://serenata.ai/ },
 organization={Operação Serenata de Amor},
 urlaccessdate={21 set. 2020}
}

@misc{Dados.gov:2020,
 title   ={PORTAL BRASILEIRO DE DADOS ABERTOS},
 url     ={http://dados.gov.br/ },
 organization={Brasil},
 urlaccessdate={21 set. 2020}
}

@misc{Senado:2020,
 title   ={Senado Federal},
 url     ={https://www12.senado.leg.br/hpsenado },
 organization={Brasil},
 urlaccessdate={21 set. 2020}
}

@inproceedings{Santos:2018,
 author     = {Victor Santos and Pedro Camara and Flavia Bernardini and José Viterbo and Douglas Jorge},
 title      = {Um framework para construção de visualização de dados abertos em mapas},
 booktitle  = {Anais Principais do XIV Simpósio Brasileiro de Sistemas de Informação},
 location   = {Caxias do Sul},
 year       = {2018},
 keywords   = {},
 issn       = {0000-0000},
 pages      = {95--89},
 publisher  = {SBC},
 address    = {Porto Alegre, RS, Brasil},
 url        = {https://sol.sbc.org.br/index.php/sbsi/article/view/5074},
 urlaccessdate={21 set. 2020}
}

@article{Silva:2019, 
title       ={Visualização de dados: passado, presente e futuro}, 
volume      ={15}, url={http://revista.ibict.br/liinc/article/view/4812}, 
urlaccessdate={21 set. 2020},
DOI         ={10.18617/liinc.v15i2.4812}, abstractNote={&lt;p class=&quot;ResumoLiinc&quot;&gt;&lt;strong&gt;RESUMO &lt;/strong&gt;São expostos os princípios fundamentais da ciência de dados e as generalidades de uma de suas áreas de estudo: a Visualização de dados. O artigo aborda como os dados multivariados tem sido representados por meio de imagens e gráficos ilustrados que relacionam os elementos de sintaxe e semântica que podem contemplar o pensamento analítico nas margens visuais. Analisa como a Visualização de Dados foi desenvolvida ao longo do tempo, utilizando exemplos reconhecidos como de vanguarda neste campo, validando a pesquisa com análise cognitivas básicas em princípios de apresentação de evidências nos displays de informação.&lt;/p&gt;&lt;p&gt;&lt;strong&gt;&lt;em&gt;Palavras-chave:&lt;/em&gt;&lt;/strong&gt; Visualização de Dados; Infografias; Dados Científicos; 
Storytelling, Big Data.&lt;/p&#38;gt;}, 
number       ={2}, 
journal      ={Liinc em Revista}, 
author       ={Silva, Fabiano Couto Corrêa da}, 
year         ={2019}, 
month        ={dez.} 
}



@article{Bertolini:2009, 
title       ={Estudo de caso sobre visualização de dados na área da saúde}, 
 
url={https://repositorio.ucs.br/handle/11338/1269}, 
urlaccessdate={21 set. 2020},
DOI         ={10.18617/liinc.v15i2.4812}, 
 
author       ={Bertolini, Rogério}, 
year         ={2009}, 
 
}

@misc{Microsoft,
 title   ={Microsoft Power BI},
 url     ={https://powerbi.microsoft.com/pt-br/ },
 organization={Microsoft },
 urlaccessdate={21 set. 2020}
}


@misc{TABLEAU,
 title   ={TABLEAU SOFTWARE},
 url     ={https://www.tableau.com/pt-br},
 organization={Salesforce },
 urlaccessdate={21 set. 2020}
}



@BOOK{manualpuc,
  organization = {Pontif\'icia Universidade Cat\'olica de Minas Gerais},
  title = {  Padrão  PUC Minas de Normalizaç\~ao},
  subtitle = {normas da \uppercase{ABNT} para apresentaç\~ao de teses, dissertaç\~oes,  monografias   e  trabalhos acad\^emicos},
  edition = {9},
  address = {rev. ampl. atual. Belo Horizonte},
  publisher = {PUC Minas},
  year = {2012},
  note = {Disponível em: <http://www.pucminas.br/biblioteca/>. Acesso em: 6 de set. 2013}
 }
 
 
  @BOOK{knuth,
   title = {The art of computer programming},
   publisher = {Addison-Wesley},
   year = {1968},
   author = {D. E. Knuth},
   volume = {Fundamental Algorithms},
   number = {16},
   edition = {16}
 }
 
 @inproceedings{dovzan:01,
   author = {Dejan Dovzan and Vito Logar and Igor Skrjanc},
   title = {Solving the sales prediction problem with fuzzy evolving methods},
   organization = {IEEE Congress on Evolutionary Computation, 1},
   conference-location  = {Brisbane},  
   conference-year = {2012},
   booktitle = {Proccedings...},
   year = {2012},
   address = {Washington},
   publisher = {IEEE},
   timestamp = {2012.11.12}
 }
 
 
 @BOOK{groupp,
   title = {Beowulf cluster computing with linux},
   publisher = {MIT Press},
   year = {2003},
   author = {W. Gropp},
   pages = {618},
   address = {Cambridge},
   edition = {2}
 }
 
 @ARTICLE{artigo01,
   author = {Edilberto P. Teixeira and Gilson Laforga},
   title = {An   analysis   of  some    neuro-fuzzy approaches for the control of nonlinear
 	systems},
   journal = {Ci\^encia \& Engenharia},
   year = {1995},
   volume = {4},
   pages = {7-12},
   number = {1},
   month = {jan./jun.},
   owner = {483193},
   publisher = {Uberl\^andia},
   timestamp = {2012.11.12}
 }
 
 @BOOK{hopeman,
   title = {An\'alise de sistemas e ger\^encia de operaç\~oes},
   publisher = {Vozes},
   year = {1974},
   author = {J. Richard},
   address = {Petrólis}
 }
 
 @INPROCEEDINGS{congresso,
     author={Antoniol, G. and Di Penta, M. and Harman, M.}, 
     booktitle={Proceedings... },
     organization = {International Symposium on Software Metrics, 10},
     conference-year = {2004},
     conference-location = {New York},
     title={A robust search-based approach to project management in the presence of abandonment, rework, error and uncertainty}, 
     address = {Washington},
     publisher = {IEEE Computer Society},
     year={2004}, 
     month={set.}, 
     volume={1}, 
     number={1}, 
     pages={ 172-183}
 } 
  
 @INBOOK{habermas,
   author = {Jürgen Habermas},
   title = {Trabalho e interação},
   subtitle = {notas sobre a filosofia do esp\'irito de \uppercase{H}egel em \uppercase{I}ena},
   organization = {HABERMAS, J. testando},
   booktitle = {T\'ecnica e ci\^encia como "ideologia"},
   publisher = {Ed. 70},
   pages = {163--211},
   year = {1997},
   address = {Lisboa}
 }
  
 @monography{monog-fabio,
 address={Guanhães},
 author={Fábio Leandro Rodrigues Cordeiro},
 pages={46\hspace{-0.1cm}},
 pagename={f.},
 school={Pontifícia Universidade Católica de Minas Gerais},
 title={Estudo comparativo   entre   plataforma monoprocessada e clustercomputing sobre as métricas de desempenho},
 type={Conclusão de curso},
 year={2010}
 }
 
 @phdthesis{tese,
 author={Lu\'is Fabr\'icio Wanderley G\'oes},
 title={Automatic Skeleton-Driven performance optimizations for transactional memory},
 address={Edinburgh},
 school={The University of Edinburgh},
 year={2012}
 }
 
 @BOOK{tela1,
   organization = {Engenharia de Sistemas de Conhecimento},
   title = {(ESC) Eletrocad m\'odulo altimetria. Vers\~ao 1},
   publisher = {Engenharia de Sistemas de Conhecimento},
   year = {2013}  
 }
 
 @INBOOK{cap-livro,
   author = {L. F. W. G\'oes and D. O. G. Neto and R. Ferreira  and W. Cirne},
   title = {Computaç\~ao em grade},
   subtitle = {Conceitos, Tecnologias,  Aplicações   e  Tend\^encias},
   organization = {L. F. W. G\'oes},
   chapter = {11},
   booktitle = {Escola Regional de Inform\'atica de Minas Gerais},  
   publisher = {ERI MG},
   pages = {40},
   year = {2005},
   address = {Belo Horizonte}
 }
 
 @BOOK{pmbok,
   organization = {Project Management Institute},
   title = {A Guide to the project management body of knowledge (PMBOK guides)},
   publisher = {Project Management},  
   address = {Pennsylvania},
   year = {2004},
  key = {{$\!\!$}}
 }
 
 @INBOOK{biblia,
   author = {EXODO},
   organization = {A B\'iblia:},
   publisher = {Paulinas, 2002},
   address = {traduç\~ao ecum\^enica. S\~ao Paulo}
 }
 
 @INBOOK{musica,
   author = {Jimmy Page and Robert Plant},
   title = {Going to California},
   organization = {Led Zeppelin},
   publisher = {Atlantic Records},
   year = {1971},
   address = {California}
 }
 
@thesis{mestrado,
  	   author = {Anna Izabel João Tostes Ribeiro},
  	   type = {Dissertação (Mestrado)},
  	   title = {Representações neural e fuzzy de controle de admissão de chamadas para redes   {E-UMTS}},
  	   school = {Pontifícia  Universidade Católica de Minas Gerais, Programa de Pós-graduação
  	  	em Informática, Belo Horizonte.},
  	   year = {2010} 
  }